@article{cadiaplayer,
  title={Cadiaplayer: A simulation-based general game player},
  author={Bj{\"o}rnsson, Yngvi and Finnsson, Hilmar},
  journal={Computational Intelligence and AI in Games, IEEE Transactions on},
  volume={1},
  number={1},
  pages={4--15},
  year={2009},
  publisher={IEEE}
}

@inproceedings{bowling2008strategy,
  title={Strategy evaluation in extensive games with importance sampling},
  author={Bowling, Michael and Johanson, Michael and Burch, Neil and Szafron, Duane},
  booktitle={Proceedings of the 25th international conference on Machine learning},
  pages={72--79},
  year={2008},
  organization={ACM}
}

@article{schaeffer2001gamut,
  title={A gamut of games},
  author={Schaeffer, Jonathan},
  journal={AI Magazine},
  volume={22},
  number={3},
  pages={29},
  year={2001}
}

@inproceedings{billings2003approximating,
  title={Approximating game-theoretic optimal strategies for full-scale poker},
  author={Billings, Darse and Burch, Neil and Davidson, Aaron and Holte, Robert and Schaeffer, Jonathan and Schauenberg, Terence and Szafron, Duane},
  booktitle={IJCAI},
  pages={661--668},
  year={2003}
}

@article{billings2002challenge,
  title={The challenge of poker},
  author={Billings, Darse and Davidson, Aaron and Schaeffer, Jonathan and Szafron, Duane},
  journal={Artificial Intelligence},
  volume={134},
  number={1},
  pages={201--240},
  year={2002},
  publisher={Elsevier}
}

@incollection{billings2004game,
  title={Game-tree search with adaptation in stochastic imperfect-information games},
  author={Billings, Darse and Davidson, Aaron and Schauenberg, Terence and Burch, Neil and Bowling, Michael and Holte, Robert and Schaeffer, Jonathan and Szafron, Duane},
  booktitle={Computers and Games},
  pages={21--34},
  year={2004},
  publisher={Springer}
}

@inproceedings{baker2007bayesian,
  title={Bayesian opponent modeling in a simple poker environment},
  author={Baker, Roderick JS and Cowling, Peter I},
  booktitle={Computational Intelligence and Games, 2007. CIG 2007. IEEE Symposium on},
  pages={125--131},
  year={2007},
  organization={IEEE}
}

@inproceedings{baker2008can,
  title={Can opponent models aid poker player evolution?},
  author={Baker, Roderick JS and Cowling, Peter I and Randall, Thomas WG and Jiang, Ping},
  booktitle={Computational Intelligence and Games, 2008. CIG'08. IEEE Symposium On},
  pages={23--30},
  year={2008},
  organization={Ieee}
}

@inproceedings{ginsberg1996partition,
  title={Partition search},
  author={Ginsberg, Matthew L},
  booktitle={AAAI/IAAI, Vol. 1},
  pages={228--233},
  year={1996}
}

@article{campbell2002deep,
  title={Deep blue},
  author={Campbell, Murray and Hoane, A Joseph and Hsu, Feng-hsiung},
  journal={Artificial intelligence},
  volume={134},
  number={1},
  pages={57--83},
  year={2002},
  publisher={Elsevier}
}

@techreport{brugmann1993monte,
  title={Monte carlo go},
  author={Br{\"u}gmann, Bernd},
  year={1993},
  institution={Citeseer}
}

@inproceedings{chaslot2006monte,
  title={Monte-carlo strategies for computer go},
  author={Chaslot, GMJB and Saito, Jahn-Takeshi and Bouzy, Bruno and Uiterwijk, JWHM and Van Den Herik, H Jaap},
  booktitle={Proceedings of the 18th BeNeLux Conference on Artificial Intelligence, Namur, Belgium},
  pages={83--91},
  year={2006}
}

@article{cazenave2005combining,
  title={Combining Tactical Search and Monte-Carlo in the Game of Go},
  author={Cazenave, Tristan and Helmstetter, Bernard},
  journal={CIG},
  volume={5},
  pages={171--175},
  year={2005}
}

@inproceedings{chaslot2007progressive,
  title={Progressive strategies for monte-carlo tree search},
  author={Chaslot, GMJB and Winands, Mark and Uiterwijk, JWHM and van den Herik, H and Bouzy, Bruno},
  booktitle={Proceedings of the 10th Joint Conference on Information Sciences (JCIS 2007)},
  pages={655--661},
  year={2007}
}

@incollection{kocsis2006bandit,
  title={Bandit based monte-carlo planning},
  author={Kocsis, Levente and Szepesv{\'a}ri, Csaba},
  booktitle={Machine Learning: ECML 2006},
  pages={282--293},
  year={2006},
  publisher={Springer}
}

@article{wang2007modifications,
  title={Modifications of UCT and sequence-like simulations for Monte-Carlo Go},
  author={Wang, Yizao and Gelly, Sylvain},
  journal={CIG},
  volume={7},
  pages={175--182},
  year={2007}
}

@article{lee2009computational,
  title={The computational intelligence of MoGo revealed in Taiwan's computer Go tournaments},
  author={Lee, Chang-Shing and Wang, Mei-Hui and Chaslot, Guillaume and Hoock, Jean-Baptiste and Rimmel, Arpad and Teytaud, Olivier and Tsai, Shang-Rong and Hsu, Shun-Chin and Hong, Tzung-Pei},
  journal={Computational Intelligence and AI in Games, IEEE Transactions on},
  volume={1},
  number={1},
  pages={73--89},
  year={2009},
  publisher={IEEE}
}

@inproceedings{finnsson2008simulation,
  title={Simulation-Based Approach to General Game Playing},
  author={Finnsson, Hilmar and Bj{\"o}rnsson, Yngvi},
  booktitle={AAAI},
  volume={8},
  pages={259--264},
  year={2008}
}

@inproceedings{clune2007heuristic,
  title={Heuristic evaluation functions for general game playing},
  author={Clune, James},
  booktitle={AAAI},
  volume={7},
  pages={1134--1139},
  year={2007}
}

@incollection{sharma2008knowledge,
  title={Knowledge generation for improving simulations in uct for general game playing},
  author={Sharma, Shiven and Kobti, Ziad and Goodwin, Scott},
  booktitle={AI 2008: Advances in Artificial Intelligence},
  pages={49--55},
  year={2008},
  publisher={Springer}
}

@article{abramson1990expected,
  title={Expected-outcome: A general model of static evaluation},
  author={Abramson, Bruce},
  journal={Pattern Analysis and Machine Intelligence, IEEE Transactions on},
  volume={12},
  number={2},
  pages={182--193},
  year={1990},
  publisher={IEEE}
}

@article{gelly2011monte,
  title={Monte-Carlo tree search and rapid action value estimation in computer Go},
  author={Gelly, Sylvain and Silver, David},
  journal={Artificial Intelligence},
  volume={175},
  number={11},
  pages={1856--1875},
  year={2011},
  publisher={Elsevier}
}

@article{ginsberg2001gib,
  title={GIB: Imperfect information in a computationally challenging game},
  author={Ginsberg, Matthew L.},
  journal={Journal of Artificial Intelligence Research},
  pages={303--358},
  year={2001}
}

@article{browne2011dangers,
  title={The dangers of random playouts},
  author={Browne, Cameron},
  journal={ICGA Journal},
  volume={34},
  number={1},
  pages={25--26},
  year={2011},
  publisher={Citeseer}
}

@article{auer2002finite,
  title={Finite-time analysis of the multiarmed bandit problem},
  author={Auer, Peter and Cesa-Bianchi, Nicolo and Fischer, Paul},
  journal={Machine learning},
  volume={47},
  number={2-3},
  pages={235--256},
  year={2002},
  publisher={Springer}
}

@incollection{kocsis2006bandit,
  title={Bandit based monte-carlo planning},
  author={Kocsis, Levente and Szepesv{\'a}ri, Csaba},
  booktitle={Machine Learning: ECML 2006},
  pages={282--293},
  year={2006},
  publisher={Springer}
}

@article{kocsis2006improved,
  title={Improved monte-carlo search},
  author={Kocsis, Levente and Szepesv{\'a}ri, Csaba and Willemson, Jan},
  journal={Univ. Tartu, Estonia, Tech. Rep},
  volume={1},
  year={2006}
}

@inproceedings{ward2009monte,
  title={Monte Carlo search applied to card selection in Magic: The Gathering},
  author={Ward, Colin D and Cowling, Peter I},
  booktitle={Computational Intelligence and Games, 2009. CIG 2009. IEEE Symposium on},
  pages={9--16},
  year={2009},
  organization={IEEE}
}

@article{cowling2012ensemble,
  title={Ensemble determinization in monte carlo tree search for the imperfect information card game magic: The gathering},
  author={Cowling, Peter I and Ward, Colin D and Powley, Edward J},
  journal={Computational Intelligence and AI in Games, IEEE Transactions on},
  volume={4},
  number={4},
  pages={241--257},
  year={2012},
  publisher={IEEE}
}

@inproceedings{yoon2007ff,
  title={FF-Replan: A Baseline for Probabilistic Planning.},
  author={Yoon, Sung Wook and Fern, Alan and Givan, Robert},
  booktitle={ICAPS},
  volume={7},
  pages={352--359},
  year={2007}
}

@article{powley2011determinization,
  title={Determinization in Monte-Carlo tree search for the card game Dou Di Zhu},
  author={Powley, EJ and Whitehouse, Daniel and Cowling, PI},
  journal={Proc. Artif. Intell. Simul. Behav., York, United Kingdom},
  pages={17--24},
  year={2011}
}

@inproceedings{taralla2016decision,
  title={Decision Making from Confidence Measurement on the Reward Growth using Supervised Learning: A Study Intended for Large-Scale Video Games},
  author={Taralla, David and Qiu, Zixiao and Sutera, Antonio and Fonteneau, Rapha{\"e}l and Ernst, Damien},
  booktitle={Proceedings of the 2016 International Conference on Agents and Artificial Intelligence}
}

@article{goeshoningstone,
  title={HoningStone: Building Creative Combos with Honing Theory for a Digital Card Game},
  author={Goes, LF Wanderley and da Silva, A Ribeiro and Rezende, J and Amorim, Alvaro and Fran{\c{c}}a, Celso and Zaidan, Tiago and Olimpio, B and Ranieri, L and Morais, Hugo and Luana, Shirley and others},
  publisher={IEEE}
}
